%% This BibTeX bibliography file was created using BibDesk.
%% http://bibdesk.sourceforge.net/

%% Created for SiqiWu at 2017-06-26 10:28:03 +0800 


%% Saved with string encoding Unicode (UTF-8) 



@inproceedings{yu2015lifecyle,
  title={The Lifecyle of a Youtube Video: Phases, Content and Popularity.},
  author={Yu, Honglin and Xie, Lexing and Sanner, Scott and others},
  booktitle={ICWSM},
  pages={533--542},
  year={2015}}

@inproceedings{martin2016exploring,
  title={Exploring limits to prediction in complex social systems},
  author={Martin, Travis and Hofman, Jake M and Sharma, Amit and Anderson, Ashton and Watts, Duncan J},
  booktitle={Proceedings of the 25th International Conference on World Wide Web},
  pages={683--694},
  year={2016},
  organization={International World Wide Web Conferences Steering Committee}}

@inproceedings{park2016data,
  title={A Data-Driven Study of View Duration on YouTube.},
  author={Park, Minsu and Naaman, Mor and Berger, Jonah},
  booktitle={ICWSM},
  pages={651--654},
  year={2016}}

@article{krumme2012quantifying,
  title={Quantifying social influence in an online cultural market},
  author={Krumme, Coco and Cebrian, Manuel and Pickard, Galen and Pentland, Sandy},
  journal={PloS one},
  volume={7},
  number={5},
  pages={e33785},
  year={2012},
  publisher={Public Library of Science}}
